@misc{bachmann.etal_cumulativeadvantagebrokerage_2024,
  title = {Cumulative Advantage of Brokerage in Academia},
  author = {{\textbf{Bachmann}}, {\textbf{Jan}} and {Esp{\'i}n-Noboa}, Lisette and I{\~n}iguez, Gerardo and Karimi, Fariba},
  year = 2024,
  month = jul,
  number = {arXiv:2407.11909},
  eprint = {2407.11909},
  primaryclass = {physics},
  publisher = {arXiv},
  urldate = {2024-07-17},
  archiveprefix = {arXiv},
  note = {Accepted for publication at Quantitative Science Studies.}
}

@misc{bachmann.etal_networkinequalitypreferential_2025,
  title = {Network Inequality through Preferential Attachment, Triadic Closure, and Homophily},
  author = {{\textbf{Bachmann}}, {\textbf{Jan}} and {Martin-Gutierrez}, Samuel and {Esp{\'i}n-Noboa}, Lisette and Cinardi, Nicola and Karimi, Fariba},
  year = 2025,
  month = sep,
  number = {arXiv:2509.23205},
  eprint = {2509.23205},
  primaryclass = {physics},
  publisher = {arXiv},
  doi = {10.48550/arXiv.2509.23205},
  urldate = {2025-09-30},
  archiveprefix = {arXiv}
}

@article{neuhauser.etal_improvingvisibilityminorities_2023,
  title = {Improving the visibility of minorities through network growth interventions},
  author = {Neuh{\"a}user, Leonie and Karimi, Fariba and {\textbf{Bachmann}}, {\textbf{Jan}} and Strohmaier, Markus and Schaub, Michael T.},
  year = 2023,
  month = may,
  journal = {Communications Physics},
  volume = {6},
  number = {1},
  pages = {1--13},
  publisher = {Nature Publishing Group},
  issn = {2399-3650},
  doi = {10.1038/s42005-023-01218-9},
  urldate = {2023-05-26},
  copyright = {2023 The Author(s)},
  langid = {english}
}

@misc{schumacher.etal_effectsrandomnessstability_2020,
  title = {The Effects of Randomness on the Stability of Node Embeddings},
  author = {Schumacher, Tobias and Wolf, Hinrikus and Ritzert, Martin and Lemmerich, Florian and {\textbf{Bachmann}}, {\textbf{Jan}} and Frantzen, Florian and Klabunde, Max and Grohe, Martin and Strohmaier, Markus},
  year = 2020,
  month = may,
  eprint = {2005.10039},
  urldate = {2020-05-28},
  archiveprefix = {arXiv}
}

@article{she.etal_genderdifferencescollaboration_2025,
  title = {Gender differences in collaboration and career progression in physics},
  author = {She, Mingrong and {\textbf{Bachmann}}, {\textbf{Jan}} and Karimi, Fariba and Peel, Leto},
  year = 2025,
  month = aug,
  journal = {Royal Society Open Science},
  volume = {12},
  number = {8},
  pages = {241536},
  publisher = {Royal Society},
  doi = {10.1098/rsos.241536},
  urldate = {2025-09-16}
}

@misc{zappala.etal_genderdisparitiesdissemination_2024,
  title = {Gender disparities in the dissemination and acquisition of scientific knowledge},
  author = {Zappal{\`a}, Chiara and Gallo, Luca and {\textbf{Bachmann}}, {\textbf{Jan}} and Battiston, Federico and Karimi, Fariba},
  year = 2024,
  month = jul,
  number = {arXiv:2407.17441},
  eprint = {2407.17441},
  primaryclass = {physics},
  publisher = {arXiv},
  doi = {10.48550/arXiv.2407.17441},
  urldate = {2024-09-30},
  archiveprefix = {arXiv}
}
